@Article{,
  author  = {Antonello Zanini},
  journal = {sitepoint},
  title   = {5 Reasons You Should Adopt a Micro Frontend Architecture},
  year    = {2021},
  url     = {https://www.sitepoint.com/micro-frontend-architecture-benefits/},
}

@Article{,
  author  = {Rahul Awati & Ivy Wigmore},
  journal = {techtarget},
  title   = {monolithic architecture},
  year    = {2022},
  url     = {https://www.techtarget.com/whatis/definition/monolithic-architecture},
}

@Article{,
  author  = {Sahas Purkuti},
  journal = {scanskill},
  title   = {Micro Frontends},
  year    = {2022},
  url     = {https://scanskill.com/frontend/micro-frontends/},
}

@Article{,
  journal = {Red Hat},
  title   = {What is CI/CD?},
  year    = {2022},
  url     = {https://www.redhat.com/en/topics/devops/what-is-ci-cd#continuous-integration},
}

@Article{,
  author  = {Oleksii Dushenin},
  journal = {Medium},
  title   = {Monolithic Architecture. Advantages and Disadvantages},
  year    = {2021},
  url     = {https://datamify.medium.com/monolithic-architecture-advantages-and-disadvantages-e71a603eec89},
}

@Book{,
  author    = {Luca Mezzalira},
  publisher = {O'Reilly Media},
  title     = {Building Micro-Frontends, Scaling Teams and Projects, Empowering Developers},
  year      = {2021},
  edition   = {1st},
  isbn      = {978-1492082996},
  pages     = {350},
  subtitle  = {Scaling Teams and Projects Empowering Developers},
}

@Book{,
  author    = {Humble, Jez and Farley, David},
  publisher = {Addison-Wesley Professional},
  title     = {Continuous Delivery},
  year      = {2010},
  isbn      = {9780321601919},
  pages     = {512},
  subtitle  = {Reliable Software Releases through Build, Test, and Deployment Automation},
}

@Comment{jabref-meta: databaseType:biblatex;}
